<?xml version="1.0" encoding="UTF-8"?><collection xmlns="http://www.loc.gov/MARC21/slim"><record><leader>00372nam--2200133-i-4500</leader><controlfield tag="001">000031518</controlfield><controlfield tag="002">20161230</controlfield><controlfield tag="005">20161230201038</controlfield><controlfield tag="008">060222s1000------------r-----000-0-eng-d</controlfield><datafield ind1=" " ind2=" " tag="100"><subfield code="a">Matossi, Frank</subfield></datafield><datafield ind1=" " ind2=" " tag="245"><subfield code="a">Der raman-effekt</subfield></datafield><datafield ind1=" " ind2=" " tag="260"><subfield code="a">Braunschweig, Friedr.Vieweg &amp; Sohn, 1959, 84p., 24 Fig</subfield></datafield><datafield ind1=" " ind2=" " tag="490"><subfield code="a">Verfahrens - Und Messkunde Der Naturwissenschaft,</subfield></datafield><datafield ind1=" " ind2=" " tag="852"><subfield code="a">14604</subfield></datafield></record></collection>